@misc{elasticsearch,
    title = {ElasticSearch},
    howpublished = "\url{https://www.elastic.co/products/elasticsearch}"
}

@misc{statspout-github-0.1,
    title = {Statspout 0.1 Pre-Release},
    howpublished = "\url{https://github.com/mijara/statspout/releases/tag/v0.1}"
}

@misc{golang-website,
    title = {Golang Website},
    howpublished = "\url{https://golang.org/}"
}

@misc{portainer-github,
    title = {Portainer Repository},
    howpublished = "\url{https://github.com/portainer/portainer}"
}
